Automatically generated by Mendeley Desktop 1.19.8
Any changes to this file will be lost if it is regenerated by Mendeley.

BibTeX export options can be customized via Options -> BibTeX in Mendeley Desktop

@phdthesis{Friaspineda2018,
address = {Quito },
author = {Frias pineda, Romel Tarquino},
file = {:C\:/Users/DAIRO/AppData/Local/Mendeley Ltd./Mendeley Desktop/Downloaded/Frias pineda - 2018 - Resoluci{\'{o}}n de la ecuaci{\'{o}}n de Richards unidimensional por el m{\'{e}}todo de vol{\'{u}}menes finitos.pdf:pdf},
isbn = {1726203530},
school = {UNIVERSIDAD CENTRAL DEL ECUADOR},
title = {{Resoluci{\'{o}}n de la ecuaci{\'{o}}n de Richards unidimensional por el m{\'{e}}todo de vol{\'{u}}menes finitos.}},
year = {2018}
}
@article{romana2014limites,
author = {{Roma{\~{n}}a Garc\'\ia}, Jhon Francisco},
journal = {Escuela de Ingenier{\'\i}a Civil},
title = {{Los l{\'\i}mites de la Ley de Darcy}},
year = {2014}
}
@electronic{ProgObjetos,
author = {{Universidad Nacional de Rosario}},
title = {{Programaci{\'{o}}n Orientada a Objetos en C++}},
url = {https://www.dsi.fceia.unr.edu.ar/images/downloads/InformaticaAplicada/Apunte Clases y Objetos.pdf},
year = {2009}
}
@article{rozas2002permeabilidad,
author = {{Rozas C{\'{a}}rdenas}, Roberto Eduardo and Others},
publisher = {Universidad de Concepci{\'{o}}n, Facultad de Ingenier{\'\i}a, Departamento de$\sim${\ldots}},
title = {{Permeabilidad de medios porosos: experimentos num{\'{e}}ricos y teor{\'\i}a.}},
year = {2002}
}
@article{CamachoAA2018,
abstract = {En este documento se introducen fundamentos orientados a la soluci{\'{o}}n num{\'{e}}rica de la ecuaci{\'{o}}n de Laplace, mediante el m{\'{e}}todo alternativo de Schwarz, particionando el dominio bidimensional del problema de valores en la frontera en varios subdominios. El m{\'{e}}todo original de Schwarz se formula en un dominio compuesto con un circulo y un rect{\'{a}}ngulo ubicados en posici{\'{o}}n de traslape ([1], [2]). Con estos ingredientes se construyen sendos problemas de valores en la frontera, los cuales se resuelven mediante un proceso iterativo; el arranque del proceso se da al proporcionar el analista bajo ciertas condiciones, supuestos valores de una de las interfase de traslape, datos originalmente desconocidos. Se destacan dos vertientes: una hist{\'{o}}rica, donde se aprecia la evoluci{\'{o}}n de las t{\'{e}}cnicas matem{\'{a}}ticas, cuando se abordaba el problema en cuesti{\'{o}}n con el an{\'{a}}lisis de Fourier y el teorema de la media aritm{\'{e}}tica en el c{\'{i}}rculo, hasta los presentes d{\'{i}}as donde impera el an{\'{a}}lisis funcional. La perspectiva restante surge con las computadoras y se encamina al campo de las aplicaciones para abordar problemas en mallas de grandes dimensiones con el m{\'{e}}todo del elemento finito. Palabras Clave: M{\'{e}}todo de Elemento Finito, Descomposici{\'{o}}n del Dominio, Computaci{\'{o}}n Paralela, Software libre. A B S T R A C T This document introduces foundations oriented to the numerical solution of the Laplace equation, by the Schwarz alternative method, partitioning the two-dimensional domain of the value problem on the border in several subdomains. The original Schwarz method is formulated in a domain composed of a circle and a rectangle located in the position of overlap ([1], [2]). With these ingredients are built problems of border values, which are resolved through an iterative process; the start of the process is given to provide the analyst under certain conditions, assumed values of one of the overlapping interface, data originally unknown. Two aspects stand out: a historical one, where the evolution of the mathematical techniques can be seen, when the problem in question was approached with the Fourier analysis and the arithmetic mean theorem in the circle, until the present days where the functional analysis reigns. The remaining perspective emerges with the computers and is routed to the field of applications for address problems in large meshes with the method of the finite element},
author = {{Camacho A A} and {Jacobo V}},
file = {:C\:/Users/DAIRO/AppData/Local/Mendeley Ltd./Mendeley Desktop/Downloaded/Camacho A A, Jacobo V - 2018 - El m{\'{e}}todo alternativo de Schwarz y la computaci{\'{o}}n paralela.pdf:pdf},
keywords = {Domain Decomposition,Finite Element Method,Free Software,Paralell Computing},
title = {{"El m{\'{e}}todo alternativo de Schwarz y la computaci{\'{o}}n paralela"}},
year = {2018}
}
@article{mawloodcomparison,
author = {Mawlood, Dana Khider and Adnan, Kurdistan Neyaz},
title = {{Comparison of the water movement by Richard and Darcy}},
year = {2020}
}
@article{Wang2021,
author = {Wang, Chunguang and Liu, Shuqing and Shi, Xingkai and Cui, Guanglei and Wang, Hongxu and Jin, Xing and Fan, Kunkun and Hu, Songtao},
doi = {10.1016/J.JRMGE.2021.09.009},
file = {:C\:/Users/DAIRO/AppData/Local/Mendeley Ltd./Mendeley Desktop/Downloaded/Wang et al. - 2021 - Numerical modeling of contaminant advection impact on hydrodynamic diffusion in a deformable medium.pdf:pdf},
issn = {1674-7755},
journal = {Journal of Rock Mechanics and Geotechnical Engineering},
month = {nov},
publisher = {Elsevier},
title = {{Numerical modeling of contaminant advection impact on hydrodynamic diffusion in a deformable medium}},
url = {https://linkinghub.elsevier.com/retrieve/pii/S1674775521001499},
year = {2021}
}
@article{betancur2009modelacion,
author = {Betancur, Teresita and Palacio, Carlos},
journal = {Dyna},
number = {160},
pages = {39--49},
publisher = {Universidad Nacional de Colombia},
title = {{La modelaci{\'{o}}n num{\'{e}}rica como herramienta para la exploraci{\'{o}}n hidrogeol{\'{o}}gica y construcci{\'{o}}n de modelos conceptuales (caso de aplicaci{\'{o}}n: bajo cauca antioque{\~{n}}o)}},
volume = {76},
year = {2009}
}
@article{hernandez2012estimacion,
author = {{Hern{\'{a}}ndez Pereira}, Yunay and {Medina Gonz{\'{a}}lez}, Hanoi},
journal = {Revista Ciencias T{\'{e}}cnicas Agropecuarias},
number = {4},
pages = {30--35},
publisher = {1986, Universidad Agraria de La Habana},
title = {{Estimaci{\'{o}}n de la humedad del suelo mediante t{\'{e}}cnicas de asimilaci{\'{o}}n de datos}},
volume = {21},
year = {2012}
}
@misc{Farras2000,
abstract = {Esta breve y prodigiosa historia de la sombra comienza con dos mitos de origen. El primero, referido por Plinio el Viejo, y que con los anos se ha convertido en el mito de origen de la pintura, narra la historia de una legendaria muchacha de Corinto que, para conservar viva en la memoria la imagen de su enamorado, trazo una silueta a partir de su sombra. El segundo es la parabola de la caverna de Platon, en donde algunos hombres encadenados desde ninos en una morada subterranea solo alcanzan a ver las sombras de la realidad proyectadas sobre un muro. Partiendo de estos dos mitos del arte y del conocimiento, Victor I. Stoichita nos va desenredando el enmaranado itinerario de una metafora tan amplia en sugerencias que se ha convertido en uno de los desafios tecnicos y simbolicos mas perdurables en los artistas de Occidente: de Vasari y Cennini a los cuentos de hadas, de Poussin a Picasso, Warhol o Beuys, del cine expresionista y la fotografia a la psicologia infantil, este apasionante recorrido con mas de 100 ilustraciones nos llevara a desentranar el sentido mas primigenio del arte como representacion.},
address = {Argentina, buenos aires},
author = {p{\'{e}}rez Luis, Farr{\'{a}}s and espa{\~{n}}a calvachi nataly Gloria},
booktitle = {Comunicar},
doi = {10.3916/25328},
file = {:C\:/Users/DAIRO/Music/Desktop/Breve Historia de la ecuaci{\'{o}}n de darcy-weisbhach.pdf:pdf},
issn = {1988-3293},
keywords = {advertising,breve,sociology},
number = {14},
pages = {138--141},
publisher = {FACULTAD DE INGENIERIA UNIVERSIDAD DE BUENOS AIRES},
title = {{Breve historia de la comunicaci{\'{o}}n}},
url = {https://cms.fi.uba.ar/uploads/Historia_Darcy_Weisbach_al_21_de_Febrero_de_2013_Final_5159f33c49.pdf},
volume = {7},
year = {2013}
}
@article{field2011soil,
author = {Field, Damien J and Koppi, Anthony J and Jarrett, Lorna E and Abbott, Lynn K and Cattle, Stephen R and Grant, Cameron D and McBratney, Alex B and Menzies, Neal W and Weatherley, Anthony J},
journal = {Geoderma},
pages = {9--14},
publisher = {Elsevier},
title = {{Soil science teaching principles}},
volume = {167},
year = {2011}
}
@article{velez2004metodos,
author = {V{\'{e}}lez, Mar\'\ia Victoria and V{\'{a}}squez, Lina Mar\'\ia},
journal = {Avances en recursos hidr{\'{a}}ulicos},
number = {11},
pages = {51--62},
title = {{M{\'{e}}todos para determinar la recarga en acu{\'\i}feros}},
year = {2004}
}
@inproceedings{perau1998constitutive,
author = {Perau, E and Riechwien, W},
booktitle = {Proceedings 2nd International Conference on Unsaturated Soils},
pages = {590--595},
title = {{Constitutive equations for movement of water and air in soils on basis of the theory of porous media}},
year = {1998}
}
@article{luna2005metodos,
author = {Luna-S{\'{a}}ez, Daniel and S{\'{a}}nchez-Reyes, Christ\'\ian and Mu{\~{n}}oz-Pardo, Jos{\'{e}}},
journal = {Tecnolog{\'\i}a y ciencias del agua},
number = {2},
pages = {95--107},
title = {{M{\'{e}}todos para medir la conductivilidad hidr{\'{a}}ulica saturada de campo}},
volume = {20},
year = {2005}
}
@mastersthesis{garcia2017modelacion,
author = {{Garc\'\ia Gisbert}, Mar\'\ia Elvira},
school = {Universitat Polit{\`{e}}cnica de Catalunya},
title = {{Modelaci{\'{o}}n del flujo en la zona no saturada. Aplicaci{\'{o}}n a una parcela experimental (Cali, Colombia)}},
type = {{B.S.} thesis},
year = {2017}
}
@article{mora2004introduccion,
author = {{Mora Escobar}, H{\'{e}}ctor Manuel},
journal = {Editorial UN},
publisher = {Universidad Nacional de Colombia-Facultad de Ciencias},
title = {{Introducci{\'{o}}n a C ya m{\'{e}}todos num{\'{e}}ricos}},
year = {2004}
}
@article{munozsimulacion,
author = {Mu{\~{n}}oz, Carlos Baquero},
title = {{Simulaci{\'{o}}n de fluidos en medios porosos deformables}},
year = {2007}
}
@article{del1993flujo,
author = {del R\'io, J Antonio and de Haro, Mariano L{\'{o}}pez and V{\'{a}}zquez, Fedrico},
journal = {Tecnolog{\'\i}a y ciencias del agua},
pages = {36--42},
title = {{Sobre el flujo transitorio de agua en suelos}},
year = {1993}
}
@article{ortigoza2007resolviendo,
author = {{Ortigoza Capetillo}, G M},
journal = {Revista mexicana de f{\'\i}sica E},
number = {2},
pages = {155--167},
publisher = {Sociedad Mexicana de F{\'\i}sica},
title = {{Resolviendo ecuaciones diferenciales ordinarias con Maple y Mathematica}},
volume = {53},
year = {2007}
}
@article{dabbish2012social,
author = {Dabbish, Laura and Stuart, Colleen and Tsay, Jason and Herbsleb, Jim},
journal = {Proceedings of the ACM 2012 conference on computer supported cooperative work},
pages = {1277--1286},
title = {{Social coding in GitHub: transparency and collaboration in an open software repository}},
year = {2012}
}
@article{fomin2011mathematical,
author = {Fomin, SERGEI and Chugunov, Vladimir and Hashida, TOSHIYUKI},
journal = {Fractional Differential Calculus},
number = {1},
pages = {1--28},
title = {{Mathematical modeling of anomalous diffusion in porous media}},
volume = {1},
year = {2011}
}
@article{Xenakis2015,
abstract = {Non-Newtonian flows are of great scientific interest due to their distinctive rheological behaviour. Free-surface non-Newtonian flows are encountered in many environmental and industrial applications, such as mud flows and moulding flows. Smoothed particle hydrodynamics (SPH) is an excellent technique for describing free-surface flows, but traditionally suffers from an inaccurate pressure field. The diffusion-based incompressible SPH (ISPH) method which was first introduced by Lind et al. (2012), following the original shifting methodology of Xu et al. (2009), combines the benefits of the SPH methodology with a virtually noise-free pressure field. In this work the diffusion-based ISPH method is extended to solve inelastic non-Newtonian flows, introducing standard viscosity calculation techniques for the non-Newtonian fluids and adopting a new viscous term which is more suitable for the calculation of such flows. The new approach is validated against internal flows and free-surface flows by comparing with analytical and experimental results respectively. Furthermore, comparisons with other computational techniques were conducted and showed that in addition to the accurate prediction of free-surface flows, the proposed methodology can significantly improve the prediction of the pressure field.},
author = {Xenakis, A. M. and Lind, S. J. and Stansby, P. K. and Rogers, B. D.},
doi = {10.1016/J.JNNFM.2015.01.006},
file = {:C\:/Users/DAIRO/AppData/Local/Mendeley Ltd./Mendeley Desktop/Downloaded/Xenakis et al. - 2015 - An incompressible SPH scheme with improved pressure predictions for free-surface generalised Newtonian flows.pdf:pdf},
issn = {0377-0257},
journal = {Journal of Non-Newtonian Fluid Mechanics},
keywords = {Bingham,Free-surface,ISPH,Moulding-flows,Poiseuille flow,Power-law},
month = {apr},
pages = {1--15},
publisher = {Elsevier},
title = {{An incompressible SPH scheme with improved pressure predictions for free-surface generalised Newtonian flows}},
volume = {218},
year = {2015}
}
@article{Duran-Pinzon2018,
abstract = {The oil companies study the movement of groundwater for future searches of drilling fields or open-pit excavations, it has also been used for the purification of water by means of sand filters. The objective of this research was to determine the behavior of the w{\'{a}}ter flow in a porous medium (sand). One of the laws most used to understand this phenomenon is Darcy's law, which says that the flow through the porous medium is directly proportional to the pressure differences and inversely proportional to the distance that the fluid must pass through. It was evaluated: pressure gradient versus (flow rate, diameter and bulk velocity). The results of the numerical model are compared with the results obtained experimentally for a permeameter constructed for this purpose. The numerical model proposed is used to vary the geometry of the permeameter and determine the best conditions of operation.},
author = {Duran-Pinz{\'{o}}n, Mayerly and P{\'{a}}ez-Arango, Jorge and Garc{\'{i}}a-Guar{\'{i}}n, Pedro Juli{\'{a}}n},
doi = {10.15332/iteckne.v15i1.1961},
file = {:C\:/Users/DAIRO/Music/Desktop/Documentos de proyecto/Quinto informe/Bibliografia quinto informe/Modelado num{\'{e}}rico y an{\'{a}}lisis experimental para.pdf:pdf},
issn = {1692-1798},
journal = {Iteckne},
number = {1},
pages = {24},
title = {{Numerical modeling and experimental analysis for flows in a homogeneous porous medium through soils}},
volume = {15},
year = {2018}
}
@article{barrere1992closure,
author = {Barrere, Jean and Gipouloux, Olivier and Whitaker, Stephen},
journal = {Transport in Porous Media},
number = {3},
pages = {209--222},
publisher = {Springer},
title = {{On the closure problem for Darcy's law}},
volume = {7},
year = {1992}
}
@article{martinez2013aproximacion,
author = {Martinez, Jos{\'{e}} L and Schvezov, Carlos E and Rosenberger, Mario R},
journal = {Mec{\'{a}}nica Computacional},
number = {33},
pages = {2779--2793},
title = {{Aproximaci{\'{o}}n en diferencias finitas a la ecuaci{\'{o}}n de Richards para transporte de agua en suelos no saturados}},
volume = {32},
year = {2013}
}
@article{Manning1991,
abstract = {Volume two has collective title: Oilfield processing. Contributing authors vary. Volume 1. Natural gas -- volume 2. Crude oil.},
author = {Manning, F. and Thompson, R.},
isbn = {0-87814-343-2},
journal = {Biomass, Biofuels, Biochemicals},
number = {August 2018},
pages = {420},
publisher = {PennWell Books},
title = {{Oilfield Processing of Petroleum.}},
volume = {1 - Natura},
year = {1991}
}
@article{CHAVEZNEGRETE2018168,
author = {Ch{\'{a}}vez-Negrete, C and Dom{\'{i}}nguez-Mota, F J and Santana-Quinteros, D},
doi = {https://doi.org/10.1016/j.compgeo.2018.05.003},
issn = {0266-352X},
journal = {Computers and Geotechnics},
keywords = {Flow in porous media,Generalized finite differences,Iterative methods,Linearization schemes,Richards equation},
pages = {168--175},
title = {{Numerical solution of Richards' equation of water flow by generalized finite differences}},
url = {https://www.sciencedirect.com/science/article/pii/S0266352X18301228},
volume = {101},
year = {2018}
}
@article{bastidasmetodo,
author = {{Bastidas Olivares}, Manuela},
journal = {Escuela de Matem{\'{a}}ticas},
title = {{M{\'{e}}todo de Galekin Discontinuo H{\'\i}brido para la ecuaci{\'{o}}n de Darcy}},
year = {2016}
}
@book{burden1996analisis,
author = {Burden, Richard L and Faires, J Douglas and {Iriarte Balderrama}, Rafael and Others},
title = {{An{\'{a}}lisis num{\'{e}}rico}},
year = {1996}
}
@article{hinrichs2021scaleable,
author = {Hinrichs, Torge and Bureau, Henri and von Pilgrim, Jens and Schmolitzky, Axel},
journal = {Software Engineering (Satellite Events)},
title = {{A Scaleable Online Programming Platform for Software Engineering Education.}},
year = {2021}
}
@article{Spalding1981,
abstract = {Numerical solution of two phase flow equations, e.g., mixed steam water injected coolant flow following breaks in nuclear reactor pressure vessels, by the interphase slip algorithm (PSA) is outlined. One dimensional unsteady dispersed and gravity stratified flows are considered. One dimensional unsteady flow with mass and heat transfer is dealt with. Two dimensional steady dispersed flow, multi dimensional two phase flow, and two phase flow with chemcial reaction are discussed, The computer program used for IPSA is introduced. (A)},
author = {{Peter Bastian}},
doi = {10.1016/0045-7825(81)90142-0},
file = {:C\:/Users/DAIRO/Music/Desktop/Documentos de proyecto/Cuarto Informe/Bibliograf{\'{i}}a 4 informe/Tesis de Peter bastian.pdf:pdf},
issn = {00457825},
title = {{Numerical Computation of Multiphase Flows in Porous Media}},
year = {1981}
}
@book{zill2013ecuaciones,
author = {Zill, Dennis G and Cullen, Michael R},
publisher = {McGraw-Hill Interamericana},
title = {{Ecuaciones diferenciales}},
year = {2013}
}
@article{Bastian2021,
author = {Bastian, Peter and Jairo, John},
file = {:C\:/Users/DAIRO/Music/Desktop/hdnum01 Tutorial.pdf:pdf},
pages = {1--26},
title = {{HDNUM CPP Review Proyecto para Latinoam{\'{e}}rica}},
year = {2021}
}
@article{acosta2016solucion,
author = {Acosta, C{\'{e}}sar Renan and de Coss, M},
journal = {Ingenier{\'\i}a},
number = {3},
pages = {158--167},
publisher = {Universidad Aut{\'{o}}noma de Yucat{\'{a}}n},
title = {{Soluci{\'{o}}n num{\'{e}}rica de ecuaciones diferenciales unidimensionales por el m{\'{e}}todo de diferencias finitas}},
volume = {20},
year = {2016}
}
@article{ruizmodelo,
author = {{Ruiz Serna}, Marco Antonio},
journal = {Ingenier{\'\i}a Qu{\'\i}mica},
title = {{Un modelo de depositaci{\'{o}}n de part{\'\i}culas en medios porosos}},
year = {2009}
}
@article{Eberhard2019,
abstract = {When non-Newtonian fluids flow through porous media, the topology of the pore space leads to a broad range of flow velocities and shear rates. Consequently, the local viscosity of the fluid also varies in space with a non-linear dependence on the Darcy velocity. Therefore, an effective viscosity $\mu$eff is usually used to describe the flow at the Darcy scale. For most non-Newtonian flows the rheology of the fluid can be described by a (non linear) function of the shear rate. Current approaches estimate the effective viscosity by first calculating an effective shear rate mainly by adopting a power-law model for the rheology and including an empirical correction factor. In a second step this averaged shear rate is used together with the real rheology of the fluid to calculate $\mu$eff. In this work, we derive a semi-analytical expression for the local viscosity profile using a Carreau type fluid, which is a more broadly applicable model than the power-law model. By solving the flow equations in a circular cross section of a capillary we are able to calculate the average viscous resistance 〈$\mu$〉 directly as a spatial average of the local viscosity. This approach circumvents the use of classical capillary bundle models and allows to upscale the viscosity distribution in a pore with a mean pore size to the Darcy scale. Different from commonly used capillary bundle models, the presented approach does neither require tortuosity nor permeability as input parameters. Consequently, our model only uses the characteristic length scale of the porous media and does not require empirical coefficients. The comparison of the proposed model with flow cell experiments conducted in a packed bed of monodisperse spherical beads shows, that our approach performs well by only using the physical rheology of the fluid, the porosity and the estimated mean pore size, without the need to determine an effective shear rate. The good agreement of our model with flow experiments and existing models suggests that the mean viscosity 〈$\mu$〉 is a good estimate for the effective Darcy viscosity $\mu$eff providing physical insight into upscaling of non-Newtonian flows in porous media.},
author = {Eberhard, Ursin and Seybold, Hansjoerg J. and Floriancic, Marius and Bertsch, Pascal and Jim{\'{e}}nez-Mart{\'{i}}nez, Joaquin and Andrade, Jos{\'{e}} S. and Holzner, Markus},
doi = {10.3389/FPHY.2019.00071/BIBTEX},
file = {:C\:/Users/DAIRO/AppData/Local/Mendeley Ltd./Mendeley Desktop/Downloaded/Eberhard et al. - 2019 - Determination of the effective viscosity of non-Newtonian fluids flowing through porous media.pdf:pdf},
issn = {2296424X},
journal = {Frontiers in Physics},
keywords = {Effective viscosity,Flow profile,Non-newtonian fluids,Porous media,Shear rate},
number = {MAY},
pages = {71},
publisher = {Frontiers Media S.A.},
title = {{Determination of the effective viscosity of non-Newtonian fluids flowing through porous media}},
volume = {7},
year = {2019}
}
@book{dullius2011ensenanza,
author = {Dullius, Maria Madalena and Others},
publisher = {Universidad de Burgos},
title = {{Ense{\~{n}}anza y aprendizaje en ecuaciones diferenciales con abordaje gr{\'{a}}fico, num{\'{e}}rico y anal{\'\i}tico}},
year = {2011}
}
@article{Mein1973,
abstract = {Few of the infiltration models in current use are suitable for the situation in which the rainfall intensity is initially less than the infiltration capacity of the soil. In this paper a simple two‐stage model is developed for infiltration under a constant intensity rainfall into a homogeneous soil with uniform initial moisture content. The first stage predicts the volume of infiltration to the moment at which surface ponding begins. The second stage, which is the Green‐Ampt model modified for the infiltration prior to surface saturation, describes the subsequent infiltration behavior. A method for estimating the mean suction of the wetting front is given. Comparison of the model predictions with experimental data and numerical solutions of the Richards equation for several soil types shows excellent agreement. Copyright 1973 by the American Geophysical Union.},
author = {Mein, Russell G. and Larson, Curtis L.},
doi = {10.1029/WR009I002P00384},
issn = {1944-7973},
journal = {Water Resources Research},
month = {apr},
number = {2},
pages = {384--394},
publisher = {John Wiley & Sons, Ltd},
title = {{Modeling infiltration during a steady rain}},
url = {https://onlinelibrary.wiley.com/doi/full/10.1029/WR009i002p00384 https://onlinelibrary.wiley.com/doi/abs/10.1029/WR009i002p00384 https://agupubs.onlinelibrary.wiley.com/doi/10.1029/WR009i002p00384},
volume = {9},
year = {1973}
}
@article{PFITZNER1976,
abstract = {The formula known as Poiseuille's Law states that for laminar flow of a fluid (liquid or gas) along a pipe where 0 = the flow rate; p = the pressure gradient between the two ends of the pipe; r = the radius of the pipe; 1 = the length of the pipe; 7 = the viscosity of the fluid. Poiseuille's Law is widely known, and frequently applied and referred to; but who was Poiseuille, and how did he conceive this relatively complex formula? History Jean Leonard Marie Poiseuille (1797-1869) was born and died in Paris. Remarkably little seems to be known about his life.' He studied medicine for a considerable time and submitted a thesis for his Doctorate in 1828 (aged 30-31 years). Where he carried out his early experimental studies, and how they were financed, is obscure. His published work includes 'Studies on the force of the aortic heart' (thesis, in 1828), 'Studies on the action of the arteries in arterial circulation' (in 1829), 'Studies on},
author = {Pfitzner, J.},
doi = {10.1111/J.1365-2044.1976.TB11804.X},
file = {:C\:/Users/DAIRO/AppData/Local/Mendeley Ltd./Mendeley Desktop/Downloaded/PFITZNER - 1976 - Poiseuille and his law.pdf:pdf},
issn = {1365-2044},
journal = {Anaesthesia},
month = {mar},
number = {2},
pages = {273--275},
pmid = {779509},
publisher = {John Wiley & Sons, Ltd},
title = {{Poiseuille and his law}},
url = {https://onlinelibrary.wiley.com/doi/full/10.1111/j.1365-2044.1976.tb11804.x https://onlinelibrary.wiley.com/doi/abs/10.1111/j.1365-2044.1976.tb11804.x https://associationofanaesthetists-publications.onlinelibrary.wiley.com/doi/10.1111/j.1365-2044.1976.tb1},
volume = {31},
year = {1976}
}
@phdthesis{hurtado2001succion,
author = {{Hurtado Maldonado}, Dar\'\io},
title = {{Succi{\'{o}}n y conductividad hidr{\'{a}}ulica de suelos no saturados}},
year = {2001}
}
@article{garza2013ecuaciones,
author = {Garza, Gabriel L{\'{o}}pez and Ortiz, Fco Hugo Mart\'\inez},
title = {{Ecuaciones diferenciales parciales}},
year = {2013}
}
@article{schweizer2015darcy,
author = {Schweizer, Ben},
publisher = {Mathematisches Forschungsinstitut Oberwolfach},
title = {{Darcy's law and groundwater flow modelling}},
year = {2015}
}
@article{molinares2004analisis,
author = {Molinares, Daladier Jabba and Olaciregui, Adalgisa Alcocer and Morales, Carmenza Rojas},
journal = {Ingenier{\'\i}a y desarrollo},
number = {16},
pages = {104--115},
publisher = {Universidad del Norte},
title = {{An{\'{a}}lisis comparativo de las herramientas de programaci{\'{o}}n Web: PHP, ASP y JSP, bajo los sistemas operativos Linux y Windows}},
year = {2004}
}
